%% This BibTeX bibliography file was created using BibDesk.
%% http://bibdesk.sourceforge.net/

%% Created for Thibault at 2015-11-03 20:51:59 +0100 


%% Saved with string encoding Unicode (UTF-8) 



@book{OSullivan2008,
	Author = {Bryan O'Sullivan and Don Stewart and John Goerzen},
	Date-Modified = {2015-11-03 19:51:59 +0000},
	Hyphenation = {english},
	Publisher = {O'Reilly},
	Title = {Real World Haskell},
	Url = {http://book.realworldhaskell.org/},
	Year = {2008},
	Bdsk-Url-1 = {%C2%A0http://book.realworldhaskell.org/}}

@book{Lipovaca2011,
	Author = {Miran Lipova{\v c}a},
	Hyphenation = {english},
	Publisher = {No Starch Press},
	Subtitle = {A Beginner's Guide},
	Title = {Learn You a Haskell for Great Good},
	Url = {http://learnyouahaskell.com/},
	Year = {2011},
	Bdsk-Url-1 = {http://learnyouahaskell.com/}}

@online{Wadler1989,
	Author = {Philip Wadler},
	Hyphenation = {english},
	Title = {Theorems for Free!},
	Url = {http://www.cs.sfu.ca/CourseCentral/831/burton/Notes/July14/free.pdf},
	Year = {1989},
	Bdsk-Url-1 = {http://www.cs.sfu.ca/CourseCentral/831/burton/Notes/July14/free.pdf}}

@online{Hudak2000,
	Author = {Paul Hudak and John Peterson and Joseph Fasel},
	Hyphenation = {english},
	Subtitle = {Version 98},
	Title = {A Gentle Introduction to Haskell},
	Url = {https://www.haskell.org/tutorial/index.html},
	Year = {2000},
	Bdsk-Url-1 = {https://www.haskell.org/tutorial/index.html}}

@online{GHC2015,
	Author = {{The GHC Team}},
	Hyphenation = {english},
	Subtitle = {Version 7.10.2},
	Title = {The Glorious Glasgow Haskell Compilation System User's Guide},
	Url = {https://downloads.haskell.org/~ghc/7.10.2/docs/html/users_guide/index.html},
	Year = {2015},
	Bdsk-Url-1 = {https://downloads.haskell.org/~ghc/7.10.2/docs/html/users_guide/index.html}}

@manual{Haskell98,
	Date = {Dec 2002},
	Editor = {Simon Peyton Jones},
	Title = {The Haskell 98 Report (Revised)},
	Url = {https://wiki.haskell.org/Language_and_library_specification#The_Haskell_98_report},
	Bdsk-Url-1 = {https://wiki.haskell.org/Language_and_library_specification#The_Haskell_98_report}}

@manual{Haskell2010,
	Editor = {Simon Marlow},
	Title = {Haskell 2010 Language Report},
	Url = {https://wiki.haskell.org/Language_and_library_specification#The_Haskell_2010_report},
	Year = {2010},
	Bdsk-Url-1 = {https://wiki.haskell.org/Language_and_library_specification#The_Haskell_2010_report}}

@online{Diehl2014,
	Author = {Stephen Diehl},
	Title = {What I Wish I Knew When I Learned Haskell},
	Url = {http://dev.stephendiehl.com/hask/},
	Year = {2014},
	Bdsk-Url-1 = {http://dev.stephendiehl.com/hask/}}

@article{Hutton1999,
	Author = {Graham Hutton},
	Journal = {Journal of Functional Programming},
	Number = {04},
	Pages = {355--372},
	Title = {A Tutorial on the Universality and Expressiveness of Fold},
	Volume = {9},
	Year = {1999}}
