@book{OSullivan2008,
    Author = { Bryan O'Sullivan and Don Stewart and John Goerzen },
    Title = { Real World Haskell },
    Year = { 2008 },
    Publisher = { O'Reilly },
    Language = { english },
    Url = {Â http://book.realworldhaskell.org/ },
    Keywords = { Introduction }
}

@article{Wadler1989,
    Title = { Theorems for Free! },
    Author = { Philip Wadler },
    Year = { 1989 },
    Url = { http://www.cs.sfu.ca/CourseCentral/831/burton/Notes/July14/free.pdf }
}
